(@Book{Maurer.2012,
 author = {Maurer, Christian},
 year = {2012},
 title = {{N}ichtsequentille {P}rogrammierung mit {G}o 1 Kompakt},
 publisher = {Springer Vieweg},
 isbn = {978-3642299681}
}

